<?xml version="1.0" encoding="UTF-8"?><collection xmlns="http://www.loc.gov/MARC21/slim"><record><leader>00697nam--2200217-u-4500</leader><controlfield tag="001">000051119</controlfield><controlfield tag="002">20161230</controlfield><controlfield tag="005">20161230201049</controlfield><controlfield tag="008">080520s1000------------r-----000-0-eng-d</controlfield><datafield ind1=" " ind2=" " tag="020"><subfield code="a">0-7923-9826-2</subfield></datafield><datafield ind1=" " ind2=" " tag="040"><subfield code="a">IFIN-HH</subfield></datafield><datafield ind1=" " ind2=" " tag="080"><subfield code="a">512.643</subfield></datafield><datafield ind1="1" ind2=" " tag="100"><subfield code="a">Yarlagadda, R. K. Rao; Hershey, John E</subfield></datafield><datafield ind1="1" ind2=" " tag="245"><subfield code="a">Hadamard Matrix Analysis and Synthesis. Withb Applications to Communications and Signal/Image Processing</subfield></datafield><datafield ind1=" " ind2=" " tag="260"><subfield code="a">Boston</subfield><subfield code="b">Kluwer Academic Publishers</subfield><subfield code="c">1997</subfield></datafield><datafield ind1=" " ind2=" " tag="300"><subfield code="a">123 p</subfield></datafield><datafield ind1=" " ind2=" " tag="490"><subfield code="a">The kluwer International Seroes in Engineering and Computer Science</subfield></datafield><datafield ind1="1" ind2=" " tag="700"><subfield code="a">Rao K. Yarlagadda</subfield></datafield><datafield ind1=" " ind2=" " tag="700"><subfield code="a">John E. Hershey</subfield></datafield><datafield ind1=" " ind2=" " tag="852"><subfield code="a">81545</subfield><subfield code="c">512</subfield></datafield><datafield ind1=" " ind2=" " tag="CAT"><subfield code="a">Sys</subfield><subfield code="c">20080520</subfield><subfield code="h">140220</subfield></datafield></record></collection>